@ARTICLE{Claydon17,
   author = {{Claydon}, I. and {Gieles}, M. and {Zocchi}, A.},
    title = "{The properties of energetically unbound stars in stellar clusters}",
  journal = {\mnras},
archivePrefix = "arXiv",
   eprint = {1612.02253},
 primaryClass = "astro-ph.SR",
 keywords = {methods: analytical, methods: numerical, globular clusters: general, galaxies: kinematics and dynamics},
     year = 2017,
    month = may,
   volume = 466,
    pages = {3937-3950},
      doi = {10.1093/mnras/stw3309},
   adsurl = {http://adsabs.harvard.edu/abs/2017MNRAS.466.3937C},
  adsnote = {Provided by the SAO/NASA Astrophysics Data System}
}

@misc{BibEntry2020Apr,
	title = {{Contrasting Microsoft Word and LaTeX}},
	journal = {John D. Cook {$\vert$} Applied Mathematics Consulting},
	year = {2020},
	month = apr,
	note = {[Online; accessed 15. Sep. 2022]},
	url = {https://www.johndcook.com/blog/2008/04/03/microsoft-word-and-latex}
}

@article{Mukut2022Jul,
	author = {Mukut, Khaled Mosharraf and Roy, Somesh and Goudeli, Eirini},
	title = {{Molecular arrangement and fringe identification and analysis from molecular dynamics (MAFIA-MD): A tool for analyzing the molecular structures formed during reactive molecular dynamics simulation of hydrocarbons}},
	journal = {Comput. Phys. Commun.},
	volume = {276},
	pages = {108325},
	year = {2022},
	month = jul,
	issn = {0010-4655},
	publisher = {North-Holland},
	doi = {10.1016/j.cpc.2022.108325}
}